@article{pareto,
  author  = {Ehsan Goodarzi and Mina Ziaei and Edward Zia Hosseinipour},
  title   = {Introduction to Optimization Analysis in Hydrosystem Engineering},
  journal = {Springer},
  volume  = {25},
  year    = {2014}
}

@article{euritic,
  author  = {H.A.Eiselt and C.-L.Sandblom},
  title   = {Integer Programming and Network Models},
  journal = {Springer},
  year    = {2000}
}

@online{moeawebsite,
  author   = {David Hadka},
  title    = {MOEA Framework},
  url      = {http://moeaframework.org/},
  addendum = {(accessed: 01.06.2023)},
  keywords = {dhadka}
}

@article{nsgaii,
  author  = {Kalyanmoy Deb and Associate Member and IEEE and Amrit Pratap and Sameer Agarwal and T. Meyarivan},
  title   = {A Fast and Elitist Multiobjective Genetic Algorithm: NSGA-II},
  journal = {IEEE TRANSACTIONS ON EVOLUTIONARY COMPUTATION},
  volume  = {6},
  number  = {2},
  pages   = {182--197},
  year    = {2002}
}

@article{nsgaiii,
  author  = {Kalyanmoy Deb and Himanshu Jain},
  title   = {An Evolutionary Many-Objective Optimization Algorithm Using Reference-Point-Based Nondominated Sorting Approach, Part I: Solving Problems With Box Constraints},
  journal = {IEEE TRANSACTIONS ON EVOLUTIONARY COMPUTATION},
  volume  = {18},
  number  = {4},
  pages   = {577--601},
  year    = {2014}
}

@article{gde,
  author  = {Hossein Sharifi Noghabi and Habib Rajabi Mashhadi and Kambiz Shojaee G.},
  title   = {Generalized Differential Evolution},
  journal = {7th International Conference on Computer and Knowledge Engineering},
  year    = {2017}
}

@article{gde3,
  author  = {Saku Kukkonen and Jouni Lampinen},
  title   = {GDE3: The third Evolution Step of Generalized Differential Evolution},
  journal = {IEEE TRANSACTIONS ON EVOLUTIONARY COMPUTATION},
  volume  = {18},
  number  = {4},
  pages   = {577--601},
  year    = {2005}
}

@article{omopso,
  author  = {Saku Kukkonen and Jouni Lampinen},
  title   = {Improving PSO-Based Multi-objective Optimization Using Crowding, Mutation and $\epsilon$-Dominance},
  journal = {IEEE TRANSACTIONS ON EVOLUTIONARY COMPUTATION},
  volume  = {18},
  number  = {4},
  pages   = {577--601},
  year    = {2005}
}

@article{aco,
  author  = {Marci Dirugi and Vittorio Maniezzo and Alberto Colorni},
  title   = {Ant System: Optimization By a Colony of Cooperating Agents},
  journal = {IEEE TRANSACTIONS ON SYSTEMS},
  volume  = {26},
  number  = {1},
  pages   = {29--41},
  year    = {1996}
}